%% This BibTeX bibliography file was created using BibDesk.
%% https://bibdesk.sourceforge.io/

%% Created for 覃宇林 at 2019-06-28 16:15:30 +0800 


%% Saved with string encoding Unicode (UTF-8) 



@book{Zengshu,
	Author = {曾谨言},
	Date-Added = {2019-06-28 16:12:56 +0800},
	Date-Modified = {2019-06-28 16:14:55 +0800},
	Publisher = {科学出版社},
	Title = {量子力学},
	Volume = {现代物理学丛书},
	Year = {2018}}

@book{Fymman,
	Author = {费曼},
	Date-Added = {2019-06-28 16:08:12 +0800},
	Date-Modified = {2019-06-28 16:14:51 +0800},
	Publisher = {高等教育出版社},
	Title = {量子力学与路径积分},
	Volume = {诺贝尔奖获得者著作选译},
	Year = {2015}}

@book{Cohen,
	Author = {C.Cohen-Tannoudji and B.Diu},
	Date-Added = {2019-06-28 16:01:35 +0800},
	Date-Modified = {2019-06-28 16:15:17 +0800},
	Publisher = {高等教育出版社},
	Title = {量子力学（第一卷）},
	Volume = {诺贝尔奖获得者著作选译},
	Year = {2014}}
